<?xml version="1.0" encoding="UTF-8"?><collection xmlns="http://www.loc.gov/MARC21/slim"><record><leader>00351nam--2200121-i-4500</leader><controlfield tag="001">000023134</controlfield><controlfield tag="002">20161230</controlfield><controlfield tag="005">20161230201034</controlfield><controlfield tag="008">060222s1000------------r-----000-0-eng-d</controlfield><datafield ind1=" " ind2=" " tag="100"><subfield code="a">Hovanessian, Shahen A. And Pipes,Louis, A</subfield></datafield><datafield ind1=" " ind2=" " tag="245"><subfield code="a">Matrix-computer methods in engineering</subfield></datafield><datafield ind1=" " ind2=" " tag="260"><subfield code="a">New York, John Wiley &amp; Sons, Inc., 1969. Xi + 333p</subfield></datafield><datafield ind1=" " ind2=" " tag="852"><subfield code="a">36557</subfield></datafield></record></collection>